@misc{wiki:Shannon_number,
   author = "Wikipedia",
   title = "{Shannon number} --- {W}ikipedia{,} The Free Encyclopedia",
   year = "2018",
   howpublished = {\url{http://en.wikipedia.org/w/index.php?title=Shannon_number}},
   note = {Accessed: 2018-12-03}
 }

 @misc{atoms,
  title = {How Many Atoms Are There in the Universe?},
  howpublished = {\url{https://www.universetoday.com/36302/atoms-in-the-universe/}},
  note = {Accessed: 2018-12-03}
}

@misc{objectAlphaZero,
  title = {Implementacija kodiranja igre v nenumerični predstavitvi},
author = {Habjan, Jernej and Nair, Surag},
  howpublished = {\url{https://github.com/JernejHabjan/TD2020-Object-AlphaZero}},
  note = {Accessed: 2018-12-03}
}

@misc{ue4python,
  title = {Unreal Engine Python},
  howpublished = {\url{https://github.com/20tab/UnrealEnginePython}},
  note = {Accessed: 2018-12-03}
}
@misc{ue4tf,
  title = {Unreal Engine plugin for TensorFlow},
author = {Kaniewski, Jan},
  howpublished = {\url{https://github.com/getnamo/tensorflow-ue4}},
  note = {Accessed: 2018-12-03}
}
@misc{td2020,
  title = {Realno-časovna strateška igra Trump Defense},
author = {Habjan, Jernej},
  howpublished = {\url{https://github.com/JernejHabjan/TrumpDefense2020}},
  note = {Accessed: 2018-12-03}
}
@misc{alphazerogeneral,
  title = {Alpha Zero General (any game, any framework!)},
author = {Surag, Nair},
  howpublished = {\url{https://github.com/suragnair/alpha-zero-general}},
  note = {Accessed: 2018-12-03}
}

@misc{deepcognition,
  title = {Deep Learning Studio},
  howpublished = {\url{https://deepcognition.ai/}},
  note = {Accessed: 2018-12-03}
}
@misc{rtsUe4,
  title = {Real-Time Strategy Plugin for Unreal Engine 4},
author = {Pruehs, Nick},
  howpublished = {\url{https://github.com/npruehs/ue4-rts}},
  note = {Accessed: 2018-12-03}
}




@misc{pygameAlphaZeroGeneral,
  title = {Implementacija AlphaZero algoritma z modulom realno-časovne strateške igre},
author = {Habjan, Jernej and Nair, Surag},
  howpublished = {\url{https://github.com/JernejHabjan/alpha-zero-general}},
  note = {Accessed: 2018-12-03}
}

@misc{survey_real_time_strategy_ai_research_starcraft,
title={A Survey of Real-Time Strategy Game AI Research and Competition in StarCraft},
author = {Ontañon, Santiago and Synnaeve, Gabriel and Uriarte, Alberto and Richoux, Florian and Churchill,David},
howpublished={IEEE Transactions on Computational Intelligence and AI in games, IEEE Computational Intelligence Society},
Year = 2013
}

@article{guid,
  title={Šah in znanost},
  author={Guid, Matej},
  journal={Šahovska misel},
  number={1},
  pages={58},
  year={2018},
  publisher={Šahovska zveza Slovenije},
  url = {\url{https://fri.uni-lj.si/upload/Novice/SM2018_Sah_in_znanost.pdf}},
}


@inproceedings{uriarte2015automatic,
  title={Automatic learning of combat models for RTS games},
  author={Uriarte, Alberto and Ontañon, Santiago},
  booktitle={Eleventh Artificial Intelligence and Interactive Digital Entertainment Conference},
  year={2015}
}

@inproceedings{uriarte2014game,
  title={Game-tree search over high-level game states in RTS games},
  author={Uriarte, Alberto and Onta{\~n}{\'o}n, Santiago},
  booktitle={Tenth Artificial Intelligence and Interactive Digital Entertainment Conference},
  year={2014}
}

@misc{learning_to_play_othello_without_human_knowledge,
title={Learning to Play Othello Without Human Knowledge},
author = {Nair, Surag and Thakoor, Shantanu and Jhunjhunwala, Megha},
}



@article{silver2016mastering,
  title={Mastering the game of Go with deep neural networks and tree search},
  author={Silver, David and Huang, Aja and Maddison, Chris J and Guez, Arthur and Sifre, Laurent and Van Den Driessche, George and Schrittwieser, Julian and Antonoglou, Ioannis and Panneershelvam, Veda and Lanctot, Marc and others},
  journal={nature},
  volume={529},
  number={7587},
  pages={484},
  year={2016},
  publisher={Nature Publishing Group}
}
@article{silver2017mastering,
  title={Mastering chess and shogi by self-play with a general reinforcement learning algorithm},
  author={Silver, David and Hubert, Thomas and Schrittwieser, Julian and Antonoglou, Ioannis and Lai, Matthew and Guez, Arthur and Lanctot, Marc and Sifre, Laurent and Kumaran, Dharshan and Graepel, Thore and others},
  journal={arXiv preprint arXiv:1712.01815},
  year={2017}
}

@article{silver2018general,
  title={A general reinforcement learning algorithm that masters chess, shogi, and Go through self-play},
  author={Silver, David and Hubert, Thomas and Schrittwieser, Julian and Antonoglou, Ioannis and Lai, Matthew and Guez, Arthur and Lanctot, Marc and Sifre, Laurent and Kumaran, Dharshan and Graepel, Thore and others},
  journal={Science},
  volume={362},
  number={6419},
  pages={1140--1144},
  year={2018},
  publisher={American Association for the Advancement of Science}
}

@misc{wiki:AlphaGo,
   author = "Wikipedia",
   title = "{AlphaGo} --- {W}ikipedia{,} The Free Encyclopedia",
   year = "2018",
   howpublished = {\url{http://en.wikipedia.org/w/index.php?title=AlphaGo}},
   note = {Accessed: 2018-12-03}
 }
 

@article{togelius2013mario,
  title={The mario ai championship 2009-2012},
  author={Togelius, Julian and Shaker, Noor and Karakovskiy, Sergey and Yannakakis, Georgios N},
  journal={AI Magazine},
  volume={34},
  number={3},
  pages={89--92},
  year={2013}
}

@article{ontanon2017combinatorial,
  title={Combinatorial multi-armed bandits for real-time strategy games},
  author={Ontan{\'o}n, Santiago},
  journal={Journal of Artificial Intelligence Research},
  volume={58},
  pages={665--702},
  year={2017}
}


@inproceedings{chaslot2008monte,
  title={Monte-Carlo Tree Search: A New Framework for Game AI.},
  author={Chaslot, Guillaume and Bakkes, Sander and Szita, Istvan and Spronck, Pieter},
  booktitle={AIIDE},
  year={2008}
}

@techreport{diploma2,
  Title                    = {Primerjava igralnih pogonov Unity in Unreal Engine },
  Author                = {Kladnik, Marko},
  institution            = {Fakulteta za elektrotehniko in ra\v{c}unalni\v{s}tvo, Univerza v Ljubljani},
  Year                    = {2015},
  type                    = {Diplomska naloga}
}

@techreport{kohne,
  Title                    = {Monte-Carlo Tree Search in chess endgames},
  Author                = {Kohne, Andraž},
  institution            = {Fakulteta za ra\v{c}unalni\v{s}tvo in informatiko, Univerza v Ljubljani},
  Year                    = {2012},
  type                    = {Dodiplomska disertacija}
}

@article{steinerberger2015number,
  title={On the number of positions in chess without promotion},
  author={Steinerberger, Stefan},
  journal={International Journal of Game Theory},
  volume={44},
  number={3},
  pages={761--767},
  year={2015},
  publisher={Springer}
}