@misc{jokesource,
  title = {What is your best programmer joke?},
  howpublished = "Dosegljivo: \url{https://stackoverflow.com/questions/234075/what-is-your-best-programmer-joke}",
  year = {2010},
  note = {[Dostopano: 20. 12. 2017]}
}