@article{ravnik2013audience,
  title={Audience measurement of digital signage: Quantitative study in real-world environment using computer vision},
  author={Ravnik, Robert and Solina, Franc},
  journal={Interacting with Computers},
  volume={25},
  number={3},
  pages={218--228},
  year={2013},
  publisher={Oxford University Press}
}


@article{gelly2011monte,
  title={Monte-Carlo tree search and rapid action value estimation in computer Go},
  author={Gelly, Sylvain and Silver, David},
  journal={Artificial Intelligence},
  volume={175},
  number={11},
  pages={1856--1875},
  year={2011},
  publisher={Elsevier}
}

@inproceedings{uriarte2014game,
  title={Game-tree search over high-level game states in RTS games},
  author={Uriarte, Alberto and Onta{\~n}{\'o}n, Santiago},
  booktitle={Tenth Artificial Intelligence and Interactive Digital Entertainment Conference},
  year={2014}
}

@inproceedings{uriarte2015automatic,
  title={Automatic learning of combat models for RTS games},
  author={Uriarte, Alberto and Ontan{\'o}n, Santiago},
  booktitle={Eleventh Artificial Intelligence and Interactive Digital Entertainment Conference},
  year={2015}
}