@article{leonardo,
  title={15 seconds of fame},
  author={Solina, Franc},
  journal={Leonardo},
  volume={37},
  number={2},
  pages={105--110},
  year={2004},
  publisher={MIT Press}
}

@incollection{poglavje_springer,
  title={Art---A Perfect Testbed for Computer Vision Related Research},
  author={Peer, Peter and Batagelj, Borut},
  booktitle={Recent Advances in Multimedia Signal Processing and Communications},
  pages={611--629},
  year={2009},
  publisher={Springer}
}

@book{ZKM,
editor = {Bernhard Serexhe},
title = {Preservation of Digital Art: Theory in Praxis},
publisher = {AMBRA $|$ V and ZKM $|$ Center for Art and Media},
address = {Karlsruhe},
year = 2013
}

@proceedings{IS2001,
editor = {Franc Solina and Sre\v{c}o Dragan},
title = {Nove informacijske tehnologije v likovni umetnosti, Informacijska dru\v zba IS'2001},
publisher = {In\v stitut Jo\v zef Stefan},
address = {Ljubljana},
year = {2001},
month = {23. oktober}
}

@misc{video,
title={Light Fountain---video},
author = {Franc Solina},
howpublished={Dosegljivo: \url{https://youtu.be/CS6x-QwJywg}},
note = {[Dostopano: 9. 10. 2015]},
year = 2015
}

@techreport{andersen2012kinect,
  title={Kinect depth sensor evaluation for computer vision applications},
  author={Andersen, Michael Riis and Jensen, Thomas and Lisouski, Pavel and Mortensen, Anders Krogh and Hansen, Mikkel Kragh and Gregersen, Torben and Ahrendt, Peter},
  year={2012},
  institution={Aarhus University, Department of Engineering}
}

@Misc{bimgrwm,
  Title                    = {{BIM} Gets Real with {M}ultivista - {P}hoto Documentation Now Integrates with {BIM}},
  HowPublished             = {\url{https://globenewswire.com/news-release/2015/04/30/730948/10131888/en/BIM-Gets-Real-with-Multivista-Photo-Documentation-Now-Inte grates-with-BIM.html}},
  Note                     = {Svetovni splet: 14. januar 2016},

  Key                      = {BIM Gets Real with Multivista}
}

@techreport{diploma,
Title                    = {Medplatformski razvoj mobilnih aplikacij},
Author                = {Zimic, Matej},
institution            = {Fakulteta za ra\v{c}unalni\v{s}tvo in informatiko, Univerza v Ljubljani},
Year                    = {2012},
type                    = {Diplomska naloga}
}

@Misc{src1,
  Title                    = {Inovativnost v ban\v cni\v stvu},
  author                 = {Marko {\v Smid}},
  HowPublished    = {Poslovni dogodek za banke: Inovativna banka prihodnosti},
  note                    = {Hotel Mons, Ljubljana, 25. november 2012}
}

@misc{nscu,
 key={Scrum Overview for Agile Software development},
  title={{Scrum Overview for Agile Software development, Mountain Goat Software}},
  HowPublished= {Dosegljivo: \url{https://www.mountaingoatsoftware.com/agile/scrum/overview}},
  note = {[Dostopano: 9. 10. 2015]},
}
