@misc{autocomplete,
  title = {Google autocomplete for android},
  howpublished = "Dosegljivo: \url{https://developers.google.com/places/android-api/autocomplete}",
  year = {2010},
  note = {[Dostopano: 6. 1. 2018]}
}

@misc{signIn,
  title = {Google sign-in for android},
  howpublished = "Dosegljivo: \url{https://developers.google.com/identity/sign-in/android/start-integrating}",
  year = {2010},
  note = {[Dostopano: 6. 1. 2018]}
}

@misc{stack,
  title = {Stack overflow - za iskanje re≈°itev pri napakah},
  howpublished = "Dosegljivo: \url{https://stackoverflow.com/}",
  year = {2010},
  note = {[Dostopano: 6. 1. 2018]}
}

@misc{loginSample,
  title = {Google sign-in sample},
  howpublished = "Dosegljivo: \url{https://github.com/googlesamples/google-services/tree/master/android/signin}",
  year = {2010},
  note = {[Dostopano: 6. 1. 2018]}
}




