@misc{politiki_plagiarized,
title={To so slovenski politiki, ki so jim očitali plagiatorstvo pri diplomah ali magisterijih},
author = {S.S. and 24 Ur},
howpublished={Dosegljivo: \url{http://www.24ur.com/novice/slovenija/to-so-slovenski-politiki-ki-so-jim-ocitali-plagiatorstvo-pri-diplomah-ali-magisterijih.html}},
note = {[Dostopano: 9. 11. 2017]},
year = 2015
}

@misc{markezeva_plagiarized,
title={Magistrska naloga Markeževe je plagiat},
author = {Sonja Merljak and šolstvo; S. H. and notranja politika; M. Č. and Pi. K. and Delo.si and STA},
howpublished={Dosegljivo: \url{http://www.delo.si/novice/slovenija/magistrska-naloga-markezeve-je-plagiat.html}},
note = {[Dostopano: 9. 11. 2017]},
year = 2015
}

@misc{sherrif_plagiarized,
title={Sheriff David Clarke plagiarized portions of his master's thesis on homeland security},
author = {Andrew Kaczynski and Christopher Massie and Nathan McDermott and CNN},
howpublished={Dosegljivo: \url{http://edition.cnn.com/interactive/2017/05/politics/sheriff-clarke-plagiarism/}},
note = {[Dostopano: 9. 11. 2017]},
year = 2017
}




@misc{markezeva_finished_plagiarized,
title={Cerar po aferi Markeževe ne vidi ne na ministrskem ne na poslanskem stolčku},
howpublished={Dosegljivo: \url{http://www.24ur.com/novice/slovenija/ministrica-markezova-magistrirala-s-plagiatom.html}},
note = {[Dostopano: 9. 11. 2017]},
year = 2015
}