@article{ravnik2013audience,
  title={Audience measurement of digital signage: Quantitative study in real-world environment using computer vision},
  author={Ravnik, Robert and Solina, Franc},
  journal={Interacting with Computers},
  volume={25},
  number={3},
  pages={218--228},
  year={2013},
  publisher={Oxford University Press}
}




@inproceedings{uriarte2014game,
  title={Game-tree search over high-level game states in RTS games},
  author={Uriarte, Alberto and Onta{\~n}{\'o}n, Santiago},
  booktitle={Tenth Artificial Intelligence and Interactive Digital Entertainment Conference},
  year={2014}
}



@inproceedings{uriarte2015automatic,
  title={Automatic learning of combat models for RTS games},
  author={Uriarte, Alberto and Ontan{\'o}n, Santiago},
  booktitle={Eleventh Artificial Intelligence and Interactive Digital Entertainment Conference},
  year={2015}
}

@phdthesis{soemers2014tactical,
  title={Tactical planning using MCTS in the game of StarCraft},
  author={Soemers, Dennis},
  year={2014},
  school={Master’s thesis, Department of Knowledge Engineering, Maastricht University}
}




@techreport{bojisce,
Title                    = {3D vizualizacija dogajanja na bojišlu v okolju Unity},
Author                = {Kos, Gal},
institution            = {Fakulteta za ra\v{c}unalni\v{s}tvo in informatiko, Univerza v Ljubljani},
Year                    = {2016},
type                    = {Diplomska naloga}
}

@techreport{heterogeni,
Title                    = {Simulacija množic heterogenih agentov v realnem času},
Author                = {Oblak, Rok},
institution            = {Fakulteta za ra\v{c}unalni\v{s}tvo in informatiko, Univerza v Ljubljani},
Year                    = {2014},
type                    = {Diplomska naloga}
}
@techreport{viz,
Title                    = {3D vizualizacija velikih glasbenih zbirk},
Author                = {Pirih, Žiga},
institution            = {Fakulteta za ra\v{c}unalni\v{s}tvo in informatiko, Univerza v Ljubljani},
Year                    = {2017},
type                    = {Diplomska naloga}
}



