@article{ravnik2013audience,
  title={Audience measurement of digital signage: Quantitative study in real-world environment using computer vision},
  author={Ravnik, Robert and Solina, Franc},
  journal={Interacting with Computers},
  volume={25},
  number={3},
  pages={218--228},
  year={2013},
  publisher={Oxford University Press}
}






@inproceedings{stoiljkovikj2015computational,
  title={A Computational Model for Estimating the Difficulty of Chess Problems},
  author={Stoiljkovikj, Simon and Bratko, Ivan and Guid, Matej and UNI, FRI},
  booktitle={Proceedings of the Third Annual Conference on Advances in Cognitive Systems ACS},
  pages={7},
  year={2015}
}